{
  "leader": "01349cam a2200349Ii 4500",
  "fields": [
    {
      "001": "ocm00601935\\"
    },
    {
      "003": "OCoLC"
    },
    {
      "005": "20220708135755.0"
    },
    {
      "008": "730411s1972\\\\\\\\nyua\\\\\\\\\\b\\\\\\\\001\\0\\eng\\d"
    },
    {
      "040": {
        "ind1": "\\",
        "ind2": "\\",
        "subfields": [
          {
            "a": "FIN"
          },
          {
            "b": "eng"
          },
          {
            "c": "FIN"
          },
          {
            "d": "OCL"
          },
          {
            "d": "DMM"
          },
          {
            "d": "STU"
          },
          {
            "d": "OCL"
          },
          {
            "d": "OCLCQ"
          },
          {
            "d": "OCLCF"
          },
          {
            "d": "OCLCQ"
          },
          {
            "d": "OCLCO"
          },
          {
            "d": "OCLCA"
          },
          {
            "d": "PAU"
          },
          {
            "d": "OCLCO"
          }
        ]
      }
    },
    {
      "019": {
        "ind1": "\\",
        "ind2": "\\",
        "subfields": [
          {
            "a": "2852379"
          },
          {
            "a": "4291011"
          },
          {
            "a": "988634804"
          },
          {
            "a": "1004941582"
          }
        ]
      }
    },
    {
      "035": {
        "ind1": "\\",
        "ind2": "\\",
        "subfields": [
          {
            "a": "(OCoLC)601935"
          },
          {
            "z": "(OCoLC)2852379"
          },
          {
            "z": "(OCoLC)4291011"
          },
          {
            "z": "(OCoLC)988634804"
          },
          {
            "z": "(OCoLC)1004941582"
          }
        ]
      }
    },
    {
      "043": {
        "ind1": "\\",
        "ind2": "\\",
        "subfields": [
          {
            "a": "n-us-ny"
          }
        ]
      }
    },
    {
      "050": {
        "ind1": "\\",
        "ind2": "4",
        "subfields": [
          {
            "a": "HV8352"
          },
          {
            "b": ".A7 1971a"
          }
        ]
      }
    },
    {
      "082": {
        "ind1": "0",
        "ind2": "4",
        "subfields": [
          {
            "a": "365.974"
          },
          {
            "b": "NEW"
          }
        ]
      }
    },
    {
      "110": {
        "ind1": "1",
        "ind2": "\\",
        "subfields": [
          {
            "a": "New York (State)."
          },
          {
            "b": "Special Commission on Attica."
          }
        ]
      }
    },
    {
      "245": {
        "ind1": "1",
        "ind2": "0",
        "subfields": [
          {
            "a": "Attica :"
          },
          {
            "b": "the official report of the New York State Special Commission on Attica."
          }
        ]
      }
    },
    {
      "260": {
        "ind1": "\\",
        "ind2": "\\",
        "subfields": [
          {
            "a": "New York :"
          },
          {
            "b": "Bantam Books,"
          },
          {
            "c": "[1972]"
          }
        ]
      }
    },
    {
      "300": {
        "ind1": "\\",
        "ind2": "\\",
        "subfields": [
          {
            "a": "xl, 533 pages :"
          },
          {
            "b": "illustrations ;"
          },
          {
            "c": "18 cm"
          }
        ]
      }
    },
    {
      "336": {
        "ind1": "\\",
        "ind2": "\\",
        "subfields": [
          {
            "a": "text"
          },
          {
            "b": "txt"
          },
          {
            "2": "rdacontent"
          }
        ]
      }
    },
    {
      "337": {
        "ind1": "\\",
        "ind2": "\\",
        "subfields": [
          {
            "a": "unmediated"
          },
          {
            "b": "n"
          },
          {
            "2": "rdamedia"
          }
        ]
      }
    },
    {
      "338": {
        "ind1": "\\",
        "ind2": "\\",
        "subfields": [
          {
            "a": "volume"
          },
          {
            "b": "nc"
          },
          {
            "2": "rdacarrier"
          }
        ]
      }
    },
    {
      "490": {
        "ind1": "0",
        "ind2": "\\",
        "subfields": [
          {
            "a": "A Bantam extra, BZ7668"
          }
        ]
      }
    },
    {
      "504": {
        "ind1": "\\",
        "ind2": "\\",
        "subfields": [
          {
            "a": "Includes bibliographical references (pages 507-515)."
          }
        ]
      }
    },
    {
      "610": {
        "ind1": "2",
        "ind2": "0",
        "subfields": [
          {
            "a": "Attica Prison."
          }
        ]
      }
    },
    {
      "650": {
        "ind1": "\\",
        "ind2": "0",
        "subfields": [
          {
            "a": "Prison riots"
          },
          {
            "z": "New York (State)"
          }
        ]
      }
    },
    {
      "610": {
        "ind1": "2",
        "ind2": "7",
        "subfields": [
          {
            "a": "Attica Prison."
          },
          {
            "2": "fast"
          },
          {
            "0": "(OCoLC)fst00514938"
          }
        ]
      }
    },
    {
      "650": {
        "ind1": "\\",
        "ind2": "7",
        "subfields": [
          {
            "a": "Prison riots."
          },
          {
            "2": "fast"
          },
          {
            "0": "(OCoLC)fst01077075"
          }
        ]
      }
    },
    {
      "651": {
        "ind1": "\\",
        "ind2": "7",
        "subfields": [
          {
            "a": "New York (State)"
          },
          {
            "2": "fast"
          },
          {
            "0": "(OCoLC)fst01210280"
          }
        ]
      }
    },
    {
      "994": {
        "ind1": "\\",
        "ind2": "\\",
        "subfields": [
          {
            "a": "Z0"
          },
          {
            "b": "NYRVC"
          }
        ]
      }
    },
    {
      "948": {
        "ind1": "\\",
        "ind2": "\\",
        "subfields": [
          {
            "h": "NO HOLDINGS IN NYRVC - 165 OTHER HOLDINGS"
          }
        ]
      }
    },
    {
      "999": {
        "ind1": "\\",
        "ind2": "\\",
        "subfields": [
          {
            "a": "00000000013368"
          }
        ]
      }
    }
  ]
}